@Article{consensus,
   Author="Clayton, P. E.  and Cianfarani, S.  and Czernichow, P.  and Johannsson, G.  and Rapaport, R.  and Rogol, A. ",
   Title="{{M}anagement of the child born small for gestational age through to adulthood: a consensus statement of the {I}nternational {S}ocieties of {P}ediatric {E}ndocrinology and the {G}rowth {H}ormone {R}esearch {S}ociety}",
   Journal="J. Clin. Endocrinol. Metab.",
   Year="2007",
   Volume="92",
   Pages="804--810",
   Month="Mar"
} 

@article{arends2002polymorphism,
  title={{Polymorphism in the IGF-I gene: clinical relevance for short children born small for gestational age (SGA)}},
  author={Arends, N. and Johnston, L. and Hokken-Koelega, A. and Duijn, C. and Ridder, M. and Savage, M. and Clark, A.},
  journal={Journal of Clinical Endocrinology \& Metabolism},
  volume={87},
  number={6},
  pages={2720},
  year={2002},
  publisher={Endocrine Soc}
}

@article{vaessen2002association,
  title={{Association between genetic variation in the gene for insulin-like growth factor-l and low birthweight}},
  author={Vaessen, N. and Janssen, J.A. and Heutink, P. and Hofman, A. and Lamberts, S.W.J. and Oostra, B.A. and Pols, H.A.P. and van Duijn, C.M.},
  journal={The Lancet},
  volume={359},
  number={9311},
  pages={1036--1037},
  issn={0140-6736},
  year={2002},
  publisher={Elsevier}
}

@article{woods1996intrauterine,
  title={{Intrauterine growth retardation and postnatal growth failure associated with deletion of the insulin-like growth factor I gene}},
  author={Woods, K.A. and Camacho-Hubner, C. and Savage, M.O. and Clark, A.J.L.},
  journal={New England Journal of Medicine},
  volume={335},
  number={18},
  pages={1363},
  year={1996},
  publisher={Mass Med Soc}
}

@article{betts1999decade,
  title={{A decade of growth hormone treatment in girls with Turner syndrome in the UK}},
  author={Betts, PR and Butler, GE and Donaldson, MDC and Dunger, DB and Johnston, DI and Kelnar, CJH and Kirk, J. and Price, DA and Wilton, P.},
  journal={British Medical Journal},
  volume={80},
  number={3},
  pages={221},
  issn={1468-2044},
  year={1999},
  publisher={BMJ Publishing Group Ltd and Royal College of Paediatrics and Child Health}
}

@article{lee1974growth,
  title={{Growth and body composition in intrauterine growth retardation (IUGR) before and during human growth hormone administration}},
  author={Lee, P.A. and Blizzard, R.M. and Cheek, D.B. and Holt, A.B.},
  journal={Metabolism},
  volume={23},
  number={10},
  pages={913--919},
  issn={0026-0495},
  year={1974},
  publisher={Elsevier}
}

@article{tanner1969low,
  title={{Low birthweight dwarfism with asymmetry (Silver's syndrome): treatment with human growth hormone.}},
  author={Tanner, JM and Ham, TJ},
  journal={British Medical Journal},
  volume={44},
  number={234},
  pages={231},
  issn={1468-2044},
  year={1969},
  publisher={BMJ Publishing Group Ltd and Royal College of Paediatrics and Child Health}
}

@article{bogin1996evolution,
  title={{Evolution of the human life cycle}},
  author={Bogin, B. and Smith, B.H.},
  journal={American Journal of Human Biology},
  volume={8},
  number={6},
  pages={703--716},
  issn={1520-6300},
  year={1996},
  publisher={John Wiley \& Sons}
}

@article{christensen2007evaluation,
  title={{An evaluation of the relationship between adult height and health-related quality of life in the general UK population}},
  author={Christensen, TL and Djurhuus, CB and Clayton, P. and Christiansen, J.S.},
  journal={Clinical endocrinology},
  volume={67},
  number={3},
  pages={407--412},
  issn={1365-2265},
  year={2007},
  publisher={Wiley Online Library}
}

@article{job1986histoire,
  title={{Histoire naturelle des retards de croissance {\`a} d{\'e}but intra-ut{\'e}rin. Croissance pubertaire et taille adulte}},
  author={Job, JC and Rolland, A.},
  journal={Archives fran{\c{c}}aises de p{\'e}diatrie},
  volume={43},
  number={5},
  pages={301--306},
  issn={0003-9764},
  year={1986},
  publisher={Editions techniques}
}

@article{cacciari2006italian,
  title={{Italian cross-sectional growth charts for height, weight and BMI (2 to 20 yr)}},
  author={Cacciari, E. and Milani, S. and Balsamo, A. and Spada, E. and Bona, G. and Cavallo, L. and Cerutti, F. and Gargantini, L. and Greggio, N. and Tonini, G. and others},
  journal={Journal of endocrinological investigation},
  volume={29},
  number={7},
  pages={581--593},
  issn={0391-4097},
  year={2006},
  publisher={Kurtis}
}

@article{albertsson2000children,
  title={{Children born small-for-gestational age: postnatal growth and hormonal status}},
  author={Albertsson-Wikland, K. and Boguszewski, M. and Karlberg, J.},
  journal={Hormone research},
  volume={49},
  number={2},
  pages={10--13},
  issn={0301-0163},
  year={1998},
  publisher={Karger Publishers}
}

@article{gasser1985human,
  title={{Human height growth: Correlational and multivariate structure of velocity and acceleration}},
  author={Gasser, T. and K{\"o}hler, W. and M{\"u}ller, HG and Largo, R. and Molinari, L. and Prader, A.},
  journal={Annals of human biology},
  volume={12},
  number={6},
  pages={501--515},
  issn={0301-4460},
  year={1985},
  publisher={Informa Healthcare}
}

@misc{novonordisk,
  author = {{Novo Nordisk Limited}},
  title = {\url{http://www.novonordisk.co.uk/documents/article_page/document/ght_facts_children_sga.asp}}
  month = jul,
  year = {2007}
}

@article{boersma1997catch,
  title={{Catch-up growth}},
  author={Boersma, B. and Wit, J.M.},
  journal={Endocrine reviews},
  volume={18},
  number={5},
  pages={646},
  year={1997},
  publisher={Endocrine Soc}
}

@article{tanner1994growth,
  title={{Growth from birth to two: a critical review}},
  author={Tanner, JM},
  journal={Acta Medica Auxologica},
  volume={26},
  pages={7--45},
  year={1994}
}

@article{gicquel2005epimutation,
  title={{Epimutation of the telomeric imprinting center region on chromosome 11p15 in Silver-Russell syndrome}},
  author={Gicquel, C. and Rossignol, S. and Cabrol, S. and Houang, M. and Steunou, V. and Barbu, V. and Danton, F. and Thibaud, N. and Le Merrer, M. and Burglen, L. and others},
  journal={Nature genetics},
  volume={37},
  number={9},
  pages={1003--1007},
  year={2005},
  publisher={Nature Publishing Group}
}

@article{gafni2001catch,
  title={{Catch-up growth is associated with delayed senescence of the growth plate in rabbits}},
  author={Gafni, R.I. and Weise, M. and Robrecht, D.T. and Meyers, J.L. and Barnes, K.M. and others},
  journal={Pediatric research},
  volume={50},
  number={5},
  pages={618},
  issn={0031-3998},
  year={2001}
}

@article{karlberg1995growth,
  title={{Growth in full-term small-for-gestational-age infants: from birth to final height}},
  author={Karlberg, J. and Albertsson-Wikland, K.},
  journal={Pediatric Research},
  volume={38},
  number={5},
  pages={733},
  issn={0031-3998},
  year={1995}
}

@article{cianfarani2006hormonal,
  title={{Hormonal regulation of postnatal growth in children born small for gestational age}},
  author={Cianfarani, S. and Ladaki, C. and Geremia, C.},
  journal={Hormone Research in Paediatrics},
  volume={65},
  number={3},
  pages={70--74},
  issn={1663-2818},
  year={2006},
  publisher={Karger Publishers}
}

@book{cameron1984measurement,
  title={{The measurement of human growth}},
  author={Cameron, N.},
  isbn={0709907311},
  year={1984},
  publisher={Routledge Kegan \& Paul}
}

@article{sga-10,
  title={{Natural growth in children born small for gestational age with and without catch-up growth}},
  author={Albertsson-Wikland, K. and Karlberg, J.},
  journal={Acta Paediatrica},
  volume={83},
  number={s399},
  pages={64--70},
  issn={1651-2227},
  year={1994},
  publisher={John Wiley \& Sons}
}

@book{tanner1990foetus,
  title={{Foetus into man: Physical growth from conception to maturity}},
  author={Tanner, J.M.},
  isbn={0674306929},
  year={1990},
  publisher={Harvard Univ Pr}
}

@InBook{benso2001auxologia,
author = {Mussa, G. and Benso, L. and Collel, M.},
title = {Pediatria},
chapter = {Auxologia},
publisher = {Minerva Medica},
year = {2001}
}

@article{gh2003update,
  title={{Update of guidelines for the use of growth hormone in children: the Lawson Wilkins Pediatric Endocrinology Society Drug and Therapeutics Committee}},
  author={GH, F.D.A.A.U.O.F.},
  journal={J Pediatr},
  volume={143},
  pages={415--21},
  year={2003}
}

@Book{sga,
author = {Chiumello, G. and Pozzobon, G. and Rizzato, E.},
title = {SGA Small for Gestational Age dal neonato all'adolescente},
publisher = {Pacini Editore},
year = {2007}
}

@Article{sga-1,
   Author="Das, U. G.  and Sysyn, G. D. ",
   Title="{{A}bnormal fetal growth: intrauterine growth retardation, small for gestational age, large for gestational age}",
   Journal="Pediatr. Clin. North Am.",
   Year="2004",
   Volume="51",
   Pages="639--654",
   Month="Jun"
}

@Article{sga-26,
   Author="Mitchell, E. A.  and Robinson, E.  and Clark, P. M.  and Becroft, D. M.  and Glavish, N.  and Pattison, N. S.  and Pryor, J. E.  and Thompson, J. M.  and Wild, C. J. ",
   Title="{{M}aternal nutritional risk factors for small for gestational age babies in a developed country: a case-control study}",
   Journal="Arch. Dis. Child. Fetal Neonatal Ed.",
   Year="2004",
   Volume="89",
   Pages="F431--435",
   Month="Sep"
}

@Article{sga-14,
   Author="Bonzini, M.  and Coggon, D.  and Palmer, K. T. ",
   Title="{{R}isk of prematurity, low birthweight and pre-eclampsia in relation to working hours and physical activities: a systematic review}",
   Journal="Occup Environ Med",
   Year="2007",
   Volume="64",
   Pages="228--243",
   Month="Apr"
}

@Article{sga-15,
   Author="Salvatore, S.  and Finazzi, S.  and Radaelli, G.  and Lotzniker, M.  and Zuccotti, G. V. ",
   Title="{{P}revalence of undiagnosed celiac disease in the parents of preterm and/or small for gestational age infants}",
   Journal="Am. J. Gastroenterol.",
   Year="2007",
   Volume="102",
   Pages="168--173",
   Month="Jan"
}

@Proceedings{sga-18,
title = {Environmental Tobacco Smoke and Child Health. Consultation Report},
year = {1999},
month = {Jan},
organization = {World Health Organization}
}

@article{sga-20,
  title={{Does passive smoking in early pregnancy increase the risk of small-for-gestational-age infants?}},
  author={Dejin-Karlsson, E. and Hanson, B.S. and Ostergren, P.O. and Sjoberg, NO and Marsal, K.},
  journal={American Journal of Public Health},
  volume={88},
  number={10},
  pages={1523},
  year={1998},
  publisher={Am Public Health Assoc}
}

@Article{sga-24,
   Author="Steyn, K.  and de Wet, T.  and Saloojee, Y.  and Nel, H.  and Yach, D. ",
   Title="{{T}he influence of maternal cigarette smoking, snuff use and passive smoking on pregnancy outcomes: the {B}irth {T}o {T}en {S}tudy}",
   Journal="Paediatr Perinat Epidemiol",
   Year="2006",
   Volume="20",
   Pages="90--99",
   Month="Mar"
}

@Article{sga-25,
   Author="Chiaffarino, F.  and Parazzini, F.  and Chatenoud, L.  and Ricci, E.  and Sandretti, F.  and Cipriani, S.  and Caserta, D.  and Fedele, L. ",
   Title="{{A}lcohol drinking and risk of small for gestational age birth}",
   Journal="Eur J Clin Nutr",
   Year="2006",
   Volume="60",
   Pages="1062--1066",
   Month="Sep"
}

@article{leger1997reduced,
  title={{Reduced final height and indications for insulin resistance in 20 year olds born small for gestational age: regional cohort study}},
  author={Leger, J. and Levy-Marchal, C. and Bloch, J. and Pinet, A. and Chevenne, D. and Porquet, D. and Collin, D. and Czernichow, P.},
  journal={British Medical Journal},
  volume={315},
  number={7104},
  pages={341},
  year={1997},
  publisher={Br Med Assoc}
}

@article{fowden2006imprinted,
  title={{Imprinted genes, placental development and fetal growth}},
  author={Fowden, AL and Sibley, C. and Reik, W. and Constancia, M.},
  journal={Hormone research},
  volume={65},
  number={3},
  pages={50--58},
  issn={0301-0163},
  year={2006},
  publisher={Karger Publishers}
}

@Article{sga-51,
   Author="Tenhola, S.  and Halonen, P.  and Jaaskelainen, J.  and Voutilainen, R. ",
   Title="{{S}erum markers of {G}{H} and insulin action in 12-year-old children born small for gestational age}",
   Journal="Eur. J. Endocrinol.",
   Year="2005",
   Volume="152",
   Pages="335--340",
   Month="Mar"
}

@article{sga-53,
  title={{Periconceptional undernutrition in sheep accelerates maturation of the fetal hypothalamic-pituitary-adrenal axis in late gestation}},
  author={Bloomfield, F.H. and Oliver, M.H. and Hawkins, P. and Holloway, A.C. and Campbell, M. and Gluckman, P.D. and Harding, J.E. and Challis, J.R.G.},
  journal={Endocrinology},
  volume={145},
  number={9},
  pages={4278},
  year={2004},
  publisher={Endocrine Soc}
}

@article{sga-32,
  title={{The consequences of being born small--an adaptive perspective}},
  author={Gluckman, PD and Hanson, MA},
  journal={Hormone Research},
  volume={65},
  number={3},
  pages={5--14},
  issn={0301-0163},
  year={2006},
  publisher={Karger Publishers}
}

@Book{cianfarani,
author = {Cianfarani, S.},
title = {SGA Implicazioni cliniche: come quando e perch\`e trattare con GH},
publisher = {Mediprint},
year = {2008}
}

@article{hokken2003final,
  title={{Final height data, body composition and glucose metabolism in growth hormone-treated short children born small for gestational age}},
  author={Hokken-Koelega, ACS and Van Pareren, Y. and Sas, T. and Arends, N.},
  journal={Horm Res},
  volume={60},
  pages={113--114},
  issn={0301-0163},
  year={2003},
  publisher={S. Karger AG}
}

@article{maiorana2009impact,
  title={{Impact of growth hormone therapy on adult height of children born small for gestational age}},
  author={Maiorana, A. and Cianfarani, S.},
  journal={Pediatrics},
  year={2009},
  publisher={Am Acad Pediatrics}
}

@article{rosilio2005adult,
  title={{Adult height of prepubertal short children born small for gestational age treated with GH}},
  author={Rosilio, M. and Carel, J.C. and Ecosse, E. and Chaussainon, J.L. and others},
  journal={European Journal of Endocrinology},
  volume={152},
  number={6},
  pages={835},
  year={2005},
  publisher={EFES}
}

@misc{tanner1983assessment,
  title={{Assessment of Skeletal Maturity and Prediction of Adult Height. 2nd edn Blackwell Science Ltd}},
  author={Tanner, JM and Whitehouse, RH and Cameron, N. and Marshall, WA and Healy, MJR and Goldstein, H.},
  year={1983},
  publisher={Oxford}
}

@article{van2003adult,
  title={{Adult height after long-term, continuous growth hormone (GH) treatment in short children born small for gestational age: results of a randomized, double-blind, dose-response GH trial}},
  author={Van Pareren, Y. and Mulder, P. and Houdijk, M. and Jansen, M. and Reeser, M. and Hokken-Koelega, A.},
  journal={Journal of Clinical Endocrinology \& Metabolism},
  volume={88},
  number={8},
  pages={3584},
  year={2003},
  publisher={Endocrine Soc}
}

@article{tanner1966standards,
  title={{Standards from birth to maturity for height, weight, height velocity, and weight velocity: British children, 1965. II.}},
  author={Tanner, JM and Whitehouse, RH and Takaishi, M.},
  journal={Archives of Disease in Childhood},
  volume={41},
  number={220},
  pages={613},
  issn={1468-2044},
  year={1966},
  publisher={BMJ Publishing Group Ltd and Royal College of Paediatrics and Child Health}
}

@Article{standard,
author = {Gagliardi, L. and Macagno, F. and Pedrotti, D. and Coraiola, M. and Furlan, R. and Agostinis, L. and Milanis, S.},
title = {Standard antropometrici neonatali prodotti dalla task-force della Societ\`a Italiana di Neonatologia e basati su una popolazione italiana nord-orientale},
journal = {Rivista Italiana Pediatrica (ISP)},
year = {1999},
number = {25},
pages = {159--169}
}

@article{tanner1976clinical,
  title={{Clinical longitudinal standards for height, weight, height velocity, weight velocity, and stages of puberty.}},
  author={Tanner, JM and Whitehouse, RH},
  journal={British Medical Journal},
  volume={51},
  number={3},
  pages={170},
  year={1976},
  publisher={Royal Coll Paediatrics}
}
